<record><leader>00000cas a22000007a 4500</leader><controlfield tag="001">17967717</controlfield><controlfield tag="008">880518d18941926aruwr ne      0    0eng d</controlfield><datafield ind1=" " ind2=" " tag="010"><subfield code="a">sn 88083523 </subfield></datafield><datafield ind1=" " ind2=" " tag="040"><subfield code="a">PPM</subfield><subfield code="b">eng</subfield><subfield code="c">PPM</subfield><subfield code="d">ANU</subfield><subfield code="d">OCLCQ</subfield></datafield><datafield ind1=" " ind2=" " tag="042"><subfield code="a">msc</subfield></datafield><datafield ind1="0" ind2="4" tag="245"><subfield code="a">The Weekly Texarkanian.</subfield></datafield><datafield ind1=" " ind2=" " tag="260"><subfield code="a">Texarkana, Ark. :</subfield><subfield code="b">George S. Valliant</subfield></datafield><datafield ind1=" " ind2=" " tag="310"><subfield code="a">Weekly</subfield></datafield><datafield ind1="1" ind2=" " tag="362"><subfield code="a">Began in 1894? Ceased in 1926?</subfield></datafield><datafield ind1=" " ind2=" " tag="580"><subfield code="a">Continues: Weekly Texarkana Democrat (non-extant).</subfield></datafield><datafield ind1=" " ind2=" " tag="588"><subfield code="a">Description based on: Vol. 28, no. 39 (May 12, 1904).</subfield></datafield><datafield ind1=" " ind2="4" tag="651"><subfield code="a">Texarkana (Ark.)</subfield><subfield code="v">Newspapers.</subfield></datafield><datafield ind1=" " ind2="4" tag="651"><subfield code="a">Miller County (Ark.)</subfield><subfield code="v">Newspapers.</subfield></datafield><datafield ind1=" " ind2="4" tag="651"><subfield code="a">Texarkana (Tex.)</subfield><subfield code="v">Newspapers.</subfield></datafield><datafield ind1=" " ind2="4" tag="651"><subfield code="a">Bowie County (Tex.)</subfield><subfield code="v">Newspapers.</subfield></datafield><datafield ind1=" " ind2=" " tag="752"><subfield code="a">United States</subfield><subfield code="b">Arkansas</subfield><subfield code="c">Miller</subfield><subfield code="d">Texarkana.</subfield></datafield><datafield ind1="0" ind2=" " tag="775"><subfield code="t">Daily Texarkanian (Texarkana, Ark. : 1894)</subfield><subfield code="w">(DLC)sn 86090500</subfield></datafield><datafield ind1="0" ind2=" " tag="775"><subfield code="t">Evening Texarkanian</subfield><subfield code="w">(DLC)sn 89051300</subfield></datafield><datafield ind1="0" ind2=" " tag="775"><subfield code="t">Daily Texarkanian (Texarkana, Ark. : 1908)</subfield><subfield code="w">(DLC)sn 87090441</subfield></datafield><datafield ind1="1" ind2="0" tag="780"><subfield code="t">Weekly Texarkana Democrat</subfield></datafield></record>